@misc{excel2latex,
	author       = "Excel2Latex",
	title        = "Plugin para hacer tablas con Excel",
	url          = "https://www.ctan.org/tex-archive/support/excel2latex/",
	year         = "2017"
}

@misc{template,
	author       = "Pizarro, Pablo",
	title        = "Template Informe en \LaTeX",
	url          = "https://latex.ppizarror.com/informe",
	year         = "2016-2024"
}

@misc{overleaf,
	author       = "Overleaf",
	title        = "Uno de los mejores editores online para \LaTeX, renovado con su versi√≥n 2.0",
	url          = "https://es.overleaf.com/",
	year         = "2024",
	month        = "Agosto"
}

@misc{tablesgenerator,
	author       = "Tables Generator",
	title        = "Creador de tablas online para \LaTeX",
	url          = "https://www.tablesgenerator.com",
	year         = "2024"
}

@article{einstein,
	author       = "Albert Einstein",
	title        = "{Zur Elektrodynamik bewegter K{\"o}rper}. ({German}) [{On} the electrodynamics of moving bodies]",
	journal      = "Annalen der Physik",
	volume       = "322",
	number       = "10",
	pages        = "891--921",
	year         = "1905",
	DOI          = "https://dx.doi.org/10.1002/andp.19053221004"
}

@article{makino1992hermite,
	title={On a Hermite integrator with Ahmad-Cohen scheme for gravitational many-body problems},
	author={Makino, Junichiro and Aarseth, Sverre J},
	journal={Publications of the Astronomical Society of Japan},
	volume={44},
	number={2},
	pages={141--151},
	year={1992},
	publisher={Oxford University Press},
	issn = {0004-6264},
	doi = {10.1093/pasj/44.2.141},
	url = {https://doi.org/10.1093/pasj/44.2.141}
}

@article{10.1093/pasj/44.2.141,
    author = {Makino, Junichiro and Aarseth, Sverre J.},
    title = {On a Hermite Integrator with Ahmad-Cohen Scheme for Gravitational Many-Body Problems},
    journal = {Publications of the Astronomical Society of Japan},
    volume = {44},
    number = {2},
    pages = {141-151},
    year = {1992},
    month = {05},
    issn = {0004-6264},
    doi = {10.1093/pasj/44.2.141},
    url = {https://doi.org/10.1093/pasj/44.2.141},
    eprint = {https://academic.oup.com/pasj/article-pdf/44/2/141/63378163/pasj\_44\_2\_141.pdf},
}
